@BOOK{Dirac1930
	author = {Paul Dirac},
	title = {Principles of Quantum Mechanics},
	publisher = {Clarendon Press},
	year = {1930},
	isbn = {0198520115}
}

@BOOK{Strocchi2011,
	author = {Franco Strocchi},
	title = {The Physical Principles of Quantum Mechanics. A Critical Review},
	year = {2011},
	publisher = {ArXiv Preprint},
	isbn = {http://arxiv.org/abs/1112.1507}
}

@BOOK{Strocchi2008,
	author = {Franco Strocchi},
	title = {An introduction the the mathematical structure of quantum mechanics. A short course for mathematicians},
	publisher = {Advanced Series in Mathematical Physics 28, World Scientific Publishing Co.},
	year = {2008},
	isbn = {9789812835222}
}

@BOOK{VonNeumann1932,
	author = {John von Neumann},
	title = {Mathematical Foundations of Quantum Mechanics},
	publisher = {Princeton Landmarks in Mathematics and Physics. Princeton University Press},
	year = {1932},
	isbn = {0691028931}
}