@BOOK {CiteName199X,
	author = "Something"
	
}