@BOOK {Weil,
	author = "Andre Weil",
	title = "???"
}

@BOOK {Kobayashi,
	author = "Kobayashi and Nomizu",
	title = "Something differential geometry"
}