@BOOK{Dirac1930
	author = {Paul Dirac},
	title = {Principles of Quantum Mechanics},
	publisher = {Clarendon Press},
	year = {1930},
	isbn = {0198520115}
}